@DocuShare{LPM-54,
  author =       {Victor Krabbendam},
  title =        "{Project Execution Plan}",
  year =         2019,
  month =        dec,
  handle =       {LPM-54},
}